% Literature references for PennyLane.
% bibtex file for sphinxcontrib-bibtex

@article{wecker2015towards,
  title={Towards practical quantum variational algorithms. arXiv preprint},
  author={Wecker, D and Hastings, MB and Troyer, M},
  journal={arXiv preprint arXiv:1507.08969},
  year={2015}
}

%%%%%%%%%%%%%%%%%%%%%%%%%%%%%%%%%%%%%%
% Quantum Software
%%%%%%%%%%%%%%%%%%%%%%%%%%%%%%%%%%%%%%

@Unpublished{killoran2018strawberry,
  author = 	  {Nathan Killoran and Josh Izaac and Nicolás Quesada and Ville Bergholm and Matthew Amy and Christian Weedbrook.},
  title = 	  {Strawberry {F}ields: {A} Software Platform for Photonic Quantum Computing},
  note =          {},
  year = 	  {2018},
  archivePrefix = {arxiv},
  eprint = 	  {1804.03159},
}

%%%%%%%%%%%%%%%%%%%%%%%%%%%%%%%%%%%%%%
% Automatic differentiation
%%%%%%%%%%%%%%%%%%%%%%%%%%%%%%%%%%%%%%

@inproceedings{maclaurin2015autograd,
  title={Autograd: Effortless gradients in numpy},
  author={Maclaurin, Dougal and Duvenaud, David and Adams, Ryan P},
  booktitle={ICML 2015 AutoML Workshop},
  year={2015}
}

@Article{baydin2018automatic,
  author = 	 {Baydin, Atılım Güneş and Pearlmutter, Barak A. and Radul, Alexey Andreyevich and Siskind, Jeffrey Mark},
  title = 	 {Automatic Differentiation in Machine Learning: a Survey},
  journal = 	 {Journal of Machine Learning Research},
  year = 	 2018,
  volume = 	 18,
  number = 	 153,
  pages = 	 {1--43},
  archivePrefix = {arxiv},
  eprint = {1502.05767}
}

%%%%%%%%%%%%%%%%%%%%%%%%%%%%%%%%%%%%%%
% Optimization - Classical optimizers
%%%%%%%%%%%%%%%%%%%%%%%%%%%%%%%%%%%%%%

@article{kingma2014adam,
  title={Adam: A method for stochastic optimization},
  author={Kingma, Diederik P and Ba, Jimmy},
  journal={arXiv preprint arXiv:1412.6980},
  year={2014}
}


%%%%%%%%%%%%%%%%%%%%%%%%%%%%%%%%%%%%%%
% Optimization - Quantum Approximate Optimization Algorithms
%%%%%%%%%%%%%%%%%%%%%%%%%%%%%%%%%%%%%%

@article{farhi2014quantum,
  title={A quantum approximate optimization algorithm},
  author={Farhi, Edward and Goldstone, Jeffrey and Gutmann, Sam},
  journal={arXiv preprint arXiv:1411.4028},
  year={2014}
}

@article{farhi2017quantum,
  title={Quantum algorithms for fixed qubit architectures},
  author={Farhi, Edward and Goldstone, Jeffrey and Gutmann, Sam and Neven, Hartmut},
  journal={arXiv preprint arXiv:1703.06199},
  year={2017}
}

@article{otterbach2017unsupervised,
  title={Unsupervised Machine Learning on a Hybrid Quantum Computer},
  author={Otterbach, JS and Manenti, R and Alidoust, N and Bestwick, A and Block, M and Bloom, B and Caldwell, S and Didier, N and Fried, E Schuyler and Hong, S and others},
  journal={arXiv preprint arXiv:1712.05771},
  year={2017}
}

%%%%%%%%%%%%%%%%%%%%%%%%%%%%%%%%%%%%%%
% Optimization - Variational Quantum Eigensolver
%%%%%%%%%%%%%%%%%%%%%%%%%%%%%%%%%%%%%%

@article{peruzzo2014variational,
  title={A variational eigenvalue solver on a photonic quantum processor},
  author={Peruzzo, Alberto and McClean, Jarrod and Shadbolt, Peter and Yung, Man-Hong and Zhou, Xiao-Qi and Love, Peter J and Aspuru-Guzik, Al{\'a}n and O’brien, Jeremy L},
  journal={Nature communications},
  volume={5},
  pages={4213},
  year={2014},
  publisher={Nature Publishing Group}
}

%%%%%%%%%%%%%%%%%%%%%%%%%%%%%%%%%%%%%%
% Optimization - State fitting
%%%%%%%%%%%%%%%%%%%%%%%%%%%%%%%%%%%%%%

@article{verdon2017quantum,
  title={A quantum algorithm to train neural networks using low-depth circuits},
  author={Verdon, Guillaume and Broughton, Michael and Biamonte, Jacob},
  journal={arXiv preprint arXiv:1712.05304},
  year={2017}
}

%%%%%%%%%%%%%%%%%%%%%%%%%%%%%%%%%%%%%%
% Optimization - Quantum autoencoders
%%%%%%%%%%%%%%%%%%%%%%%%%%%%%%%%%%%%%%

@article{rocchetto2017learning,
  title={Learning hard quantum distributions with variational autoencoders},
  author={Rocchetto, Andrea and Grant, Edward and Strelchuk, Sergii and Carleo, Giuseppe and Severini, Simone},
  journal={arXiv preprint arXiv:1710.00725},
  year={2017}
}

@article{romero2017quantum,
  title={Quantum autoencoders for efficient compression of quantum data},
  author={Romero, Jonathan and Olson, Jonathan P and Aspuru-Guzik, Alan},
  journal={Quantum Science and Technology},
  volume={2},
  number={4},
  pages={045001},
  year={2017},
  publisher={IOP Publishing}
}

%%%%%%%%%%%%%%%%%%%%%%%%%%%%%%%%%%%%%%
% Overviews 
%%%%%%%%%%%%%%%%%%%%%%%%%%%%%%%%%%%%%%

@article{guerreschi2017practical,
  title={Practical optimization for hybrid quantum-classical algorithms},
  author={Guerreschi, Gian Giacomo and Smelyanskiy, Mikhail},
  journal={arXiv preprint arXiv:1701.01450},
  year={2017}
}

@article{mcclean2016theory,
  title={The theory of variational hybrid quantum-classical algorithms},
  author={McClean, Jarrod R and Romero, Jonathan and Babbush, Ryan and Aspuru-Guzik, Al{\'a}n},
  journal={New Journal of Physics},
  volume={18},
  number={2},
  pages={023023},
  year={2016},
  publisher={IOP Publishing}
}

%%%%%%%%%%%%%%%%%%%%%%%%%%%%%%%%%%%%%%
% Supervised 
%%%%%%%%%%%%%%%%%%%%%%%%%%%%%%%%%%%%%%

@article{farhi2018classification,
  title={Classification with quantum neural networks on near term processors},
  author={Farhi, Edward and Neven, Hartmut},
  journal={arXiv preprint arXiv:1802.06002},
  year={2018}
}

@article{grant2018hierarchical,
  title={Hierarchical quantum classifiers},
  author={Grant, Edward and Benedetti, Marcello and Cao, Shuxiang and Hallam, Andrew and Lockhart, Joshua and Stojevic, Vid and Green, Andrew G and Severini, Simone},
  journal={arXiv preprint arXiv:1804.03680},
  year={2018}
}

@article{huggins2018towards,
  title={Towards Quantum Machine Learning with Tensor Networks},
  author={Huggins, William and Patel, Piyush and Whaley, K Birgitta and Stoudenmire, E Miles},
  journal={arXiv preprint arXiv:1803.11537},
  year={2018}
}

@article{mitarai2018quantum,
  title={Quantum circuit learning},
  author={Mitarai, Kosuke and Negoro, Makoto and Kitagawa, Masahiro and Fujii, Keisuke},
  journal={arXiv preprint arXiv:1803.00745},
  year={2018}
}

@article{schuld2018circuit,
  title={Circuit-centric quantum classifiers},
  author={Schuld, Maria and Bocharov, Alex and Svore, Krysta and Wiebe, Nathan},
  journal={arXiv preprint arXiv:1804.00633},
  year={2018}
}

@article{schuld2018quantum,
  title={Quantum machine learning in feature Hilbert spaces},
  author={Schuld, Maria and Killoran, Nathan},
  journal={arXiv preprint arXiv:1803.07128},
  year={2018}
}


%%%%%%%%%%%%%%%%%%%%%%%%%%%%%%%%%%%%%%
% Unsupervised 
%%%%%%%%%%%%%%%%%%%%%%%%%%%%%%%%%%%%%%

@article{benedetti2018quantum,
  title={Quantum-assisted Helmholtz machines: A quantum--classical deep learning framework for industrial datasets in near-term devices},
  author={Benedetti, Marcello and Realpe-G{\'o}mez, John and Perdomo-Ortiz, Alejandro},
  journal={Quantum Science and Technology},
  volume={3},
  number={3},
  pages={034007},
  year={2018},
  publisher={IOP Publishing}
}

@article{benedetti2017quantum,
  title={Quantum-Assisted Learning of Hardware-Embedded Probabilistic Graphical Models},
  author={Benedetti, Marcello and Realpe-G{\'o}mez, John and Biswas, Rupak and Perdomo-Ortiz, Alejandro},
  journal={Physical Review X},
  volume={7},
  number={4},
  pages={041052},
  year={2017},
  publisher={APS}
}

@article{benedetti2018generative,
  title={A generative modeling approach for benchmarking and training shallow quantum circuits},
  author={Benedetti, Marcello and Garcia-Pintos, Delfina and Nam, Yunseong and Perdomo-Ortiz, Alejandro},
  journal={arXiv preprint arXiv:1801.07686},
  year={2018}
}

@article{boixo2017simulation,
  title={Simulation of low-depth quantum circuits as complex undirected graphical models},
  author={Boixo, Sergio and Isakov, Sergei V and Smelyanskiy, Vadim N and Neven, Hartmut},
  journal={arXiv preprint arXiv:1712.05384},
  year={2017}
}

@article{liu2018differentiable,
  title={Differentiable Learning of Quantum Circuit Born Machine},
  author={Liu, Jin-Guo and Wang, Lei},
  journal={arXiv preprint arXiv:1804.04168},
  year={2018}
}

@article{mcclean2018barren,
  title={Barren plateaus in quantum neural network training landscapes},
  author={McClean, Jarrod R and Boixo, Sergio and Smelyanskiy, Vadim N and Babbush, Ryan and Neven, Hartmut},
  journal={arXiv preprint arXiv:1803.11173},
  year={2018}
}

%%%%%%%%%%%%%%%%%%%%%%%%%%%%%%%%%%%%%%
% Ansaetze
%%%%%%%%%%%%%%%%%%%%%%%%%%%%%%%%%%%%%%

@article{killoran2018continuous,
  title={Continuous-variable quantum neural networks},
  author={Killoran, Nathan and Bromley, Thomas R and Arrazola, Juan Miguel and Schuld, Maria and Quesada, Nicol{\'a}s and Lloyd, Seth},
  journal={arXiv preprint arXiv:1806.06871},
  year={2018}
}

@article{steinbrecher2018quantum,
  title={Quantum optical neural networks},
  author={Steinbrecher, Gregory R and Olson, Jonathan P and Englund, Dirk and Carolan, Jacques},
  journal={arXiv preprint arXiv:1808.10047},
  year={2018}
}

@article{dallaire2018quantum,
  title={Quantum generative adversarial networks},
  author={Dallaire-Demers, Pierre-Luc and Killoran, Nathan},
  journal={arXiv preprint arXiv:1804.08641},
  year={2018}
}

